@book{rader2010deterministic,
  title={Deterministic Operations Research: Models and Methods in Linear Optimization},
  author={Rader, D.J.},
  isbn={9780470484517},
  lccn={2009054232},
  url={https://books.google.com/books?id=VqjhIZhsITsC},
  year={2010},
  publisher={Wiley}
}

@book{kosmala2004friendly,
  title={A Friendly Introduction to Analysis: Single and Multivariable},
  author={Kosmala, W.A.J.},
  isbn={9780130457967},
  lccn={2004301717},
  series={Featured Titles for Real Analysis},
  url={https://books.google.com/books?id=jXOvQgAACAAJ},
  year={2004},
  publisher={Pearson Prentice Hall}
}


@book{miller2004john,
  title={John E. Freund's Mathematical Statistics with Applications},
  author={Miller, I. and Miller, M.},
  isbn={0131427067},
  lccn={2003056361},
  series={Pearson Modern Classics for Advanced Statistics Series},
  url={https://books.google.com/books?id=ccZkswEACAAJ},
  year={2004},
  publisher={Pearson Education}
}

@book{larson2016calculus,
  title={Calculus},
  author={Larson, R. and Edwards, B.H.},
  isbn={9781337514507},
  url={https://books.google.com/books?id=3-S5DQAAQBAJ},
  year={2016},
  publisher={Cengage Learning}
}

@book{anton2016calculus,
  title={Calculus},
  author={Anton, Howard and Irl C. Bivens and Stephen Davis},
  isbn={9781118886137},
  url={https://www.wiley.com/en-us/Calculus%2C+11th+Edition-p-9781118886137},
  year={2016},
  publisher={Wiley Learning},
  edition{Eleven}
}
@book{smith2010transition,
  title={A Transition to Advanced Mathematics},
  author={Smith, D. and Eggen, M. and Andre, R.S.},
  isbn={9780495562023},
  lccn={2009939573},
  url={https://books.google.com/books?id=jJUs0ZDOOHoC},
  year={2010},
  publisher={Cengage Learning}
}

@book{bluman2014elementary,
  title={Elementary Statistics: A Step By Step Approach},
  author={Bluman, A.},
  isbn={9780077665807},
  url={https://books.google.com/books?id=undzCgAAQBAJ},
  year={2014},
  publisher={McGraw-Hill Higher Education}
}